<?xml version="1.0" encoding="UTF-8"?><collection xmlns="http://www.loc.gov/MARC21/slim"><record><leader>00328nam--2200133-i-4500</leader><controlfield tag="001">000045036</controlfield><controlfield tag="002">20161230</controlfield><controlfield tag="005">20161230201044</controlfield><controlfield tag="008">060222s1000------------r-----000-0-eng-d</controlfield><datafield ind1=" " ind2=" " tag="080"><subfield code="a">621.54</subfield></datafield><datafield ind1=" " ind2=" " tag="100"><subfield code="a">Tolstov, M.A</subfield></datafield><datafield ind1=" " ind2=" " tag="245"><subfield code="a">Dispozitive pneumatice si penumohidraulice</subfield></datafield><datafield ind1=" " ind2=" " tag="260"><subfield code="a">Bucuresti, I.D.T., 1955, 152p</subfield></datafield><datafield ind1=" " ind2=" " tag="852"><subfield code="a">26868</subfield></datafield></record></collection>